@book{GAIntro,
	author = {Mellanie Mitchels},
	title = {An Introduction to Genetic Algorithms},
	date = {1996},
	isbn = {9780585030944},
}

@misc{gad2021pygad,
	title={PyGAD: An Intuitive Genetic Algorithm Python Library}, 
	author={Ahmed Fawzy Gad},
	year={2021},
	eprint={2106.06158},
	archivePrefix={arXiv},
	primaryClass={cs.NE}
}